@inproceedings{abboud.gawrychowski.ea:near-optimal,
  author    = {Amir Abboud and
               Pawel Gawrychowski and
               Shay Mozes and
               Oren Weimann},
  editor    = {Artur Czumaj},
  title     = {Near-Optimal Compression for the Planar Graph Metric},
  booktitle = {Proceedings of the Twenty-Ninth Annual {ACM-SIAM} Symposium on Discrete
               Algorithms, {SODA} 2018, New Orleans, LA, USA, January 7-10, 2018},
  pages     = {530--549},
  publisher = {{SIAM}},
  year      = {2018},
  url       = {https://doi.org/10.1137/1.9781611975031.35},
  doi       = {10.1137/1.9781611975031.35},
  eprint    = {https://arxiv.org/abs/1703.04814},
  timestamp = {Tue, 02 Feb 2021 17:07:58 +0100},
  biburl    = {https://dblp.org/rec/conf/soda/AbboudGMW18.bib},
  bibsource = {dblp computer science bibliography, https://dblp.org}
}


@article{dujmovic.joret.ea:planar,
  author    = {Vida Dujmovi{\'{c}} and
               Gwena{\"{e}}l Joret and
               Piotr Micek and
               Pat Morin and
               Torsten Ueckerdt and
               David R. Wood},
  title     = {Planar Graphs Have Bounded Queue-Number},
  journal   = {J. {ACM}},
  volume    = {67},
  number    = {4},
  pages     = {22:1--22:38},
  year      = {2020},
  url       = {https://dl.acm.org/doi/10.1145/3385731},
  timestamp = {Thu, 17 Sep 2020 12:01:03 +0200},
  biburl    = {https://dblp.org/rec/journals/jacm/DujmovicJMMUW20.bib},
  bibsource = {dblp computer science bibliography, https://dblp.org}
}


@article{lipton.tarjan:applications,
  author    = {Richard J. Lipton and
               Robert Endre Tarjan},
  title     = {Applications of a Planar Separator Theorem},
  journal   = {{SIAM} J. Comput.},
  volume    = {9},
  number    = {3},
  pages     = {615--627},
  year      = {1980},
  url       = {https://doi.org/10.1137/0209046},
  doi       = {10.1137/0209046},
  timestamp = {Wed, 14 Nov 2018 10:45:06 +0100},
  biburl    = {https://dblp.org/rec/journals/siamcomp/LiptonT80.bib},
  bibsource = {dblp computer science bibliography, https://dblp.org}
}


@article{dujmovic:graph,
  author    = {Vida Dujmovi{\'{c}}},
  title     = {Graph layouts via layered separators},
  journal   = {J. Comb. Theory, Ser. {B}},
  volume    = {110},
  pages     = {79--89},
  year      = {2015},
  url       = {https://doi.org/10.1016/j.jctb.2014.07.005},
  doi       = {10.1016/j.jctb.2014.07.005},
  timestamp = {Tue, 16 Feb 2021 14:05:29 +0100},
  biburl    = {https://dblp.org/rec/journals/jct/Dujmovic15.bib},
  bibsource = {dblp computer science bibliography, https://dblp.org}
}
